<record><leader>00000cas a22000007a 4500</leader><controlfield tag="001">53353895</controlfield><controlfield tag="008">031105cuuuu9999mouwr ne      0   a0eng c</controlfield><datafield ind1=" " ind2=" " tag="010"><subfield code="a">  2003215107</subfield></datafield><datafield ind1=" " ind2=" " tag="040"><subfield code="a">NSD</subfield><subfield code="b">eng</subfield><subfield code="c">NSD</subfield><subfield code="d">OCLCQ</subfield></datafield><datafield ind1=" " ind2=" " tag="012"><subfield code="m">y</subfield></datafield><datafield ind1="1" ind2=" " tag="022"><subfield code="a">1547-4003</subfield><subfield code="l">1547-4003</subfield><subfield code="y">0883-7112</subfield><subfield code="2">1</subfield></datafield><datafield ind1=" " ind2=" " tag="032"><subfield code="a">720337</subfield><subfield code="b">USPS</subfield></datafield><datafield ind1=" " ind2=" " tag="037"><subfield code="b">Sedalia News-Journal, 404-406 S. Ohio, P.O. Box 1086, Sedalia, MO 65302-1086</subfield></datafield><datafield ind1=" " ind2=" " tag="042"><subfield code="a">nsdp</subfield><subfield code="a">pcc</subfield></datafield><datafield ind1="1" ind2="0" tag="050"><subfield code="a">ISSN RECORD</subfield></datafield><datafield ind1=" " ind2="0" tag="222"><subfield code="a">Sedalia news-journal</subfield></datafield><datafield ind1="0" ind2="0" tag="245"><subfield code="a">Sedalia news-journal.</subfield></datafield><datafield ind1="3" ind2="0" tag="246"><subfield code="a">News-journal</subfield></datafield><datafield ind1=" " ind2=" " tag="260"><subfield code="a">Sedalia, MO :</subfield><subfield code="b">Melton Pub.</subfield></datafield><datafield ind1=" " ind2=" " tag="300"><subfield code="a">v.</subfield></datafield><datafield ind1=" " ind2=" " tag="310"><subfield code="a">Weekly</subfield></datafield><datafield ind1=" " ind2=" " tag="588"><subfield code="a">Description based on surrogate of: Vol. 19, issue 33 (Oct. 2, 2003).</subfield></datafield><datafield ind1=" " ind2=" " tag="752"><subfield code="a">United States</subfield><subfield code="b">Missouri</subfield><subfield code="c">Pettis</subfield><subfield code="d">Sedalia.</subfield></datafield><datafield ind1="0" ind2="0" tag="780"><subfield code="t">Central Missouri news</subfield><subfield code="x">0883-7112</subfield><subfield code="w">(DLC)sn 85008557</subfield><subfield code="w">(OCoLC)12197413</subfield></datafield><datafield ind1="1" ind2=" " tag="029"><subfield code="a">AU@</subfield><subfield code="b">000025113773</subfield></datafield></record>